<?xml version="1.0" encoding="UTF-8"?><record xmlns="http://www.loc.gov/MARC21/slim" xmlns:cinclude="http://apache.org/cocoon/include/1.0" xmlns:zs="http://www.loc.gov/zing/srw/">
  <leader>00480nz  a2200121n  4500</leader>
  <controlfield tag="001">no 92016281 </controlfield>
  <controlfield tag="003">DLC</controlfield>
  <controlfield tag="005">19920702052241.0</controlfield>
  <controlfield tag="008">920629n| acannaab|          |n aaa     c</controlfield>
  <datafield tag="010" ind1=" " ind2=" ">
    <subfield code="a">no 92016281 </subfield>
  </datafield>
  <datafield tag="040" ind1=" " ind2=" ">
    <subfield code="a">InU</subfield>
    <subfield code="c">InU</subfield>
  </datafield>
  <datafield tag="100" ind1="1" ind2="0">
    <subfield code="a">Huang, Weidong,</subfield>
    <subfield code="d">1963-</subfield>
  </datafield>
  <datafield tag="670" ind1=" " ind2=" ">
    <subfield code="a">His Polarization transfer measurements in the ¹⁹F(p,[right arrow],n[right arrow])¹⁹Ne and ³⁹K(p[right arrow],n[right arrow])³⁹Ca reactions at 120 and 160 MeV, 1991:</subfield>
    <subfield code="b">t.p. (Weidong Huang) leaf 157 (b. 11-18-63)</subfield>
  </datafield>
</record>